@article{feat-comp,
	author = {Kavitha, B.R. and G, Ramya and Govindaraj, Priya},
	year = {2019},
	month = {01},
	pages = {461-464},
	title = {Performance comparison of various feature descriptors in object category detection application using SVM classifier},
	volume = {8},
	journal = {International Journal of Innovative Technology and Exploring Engineering}
}

@online{crestereo,
	title ={Reference list of currently published stereo methods},
	url = {https://vision.middlebury.edu/stereo/eval3/referenceList.php}
}

@online{cascade-correlation,
	title={The  Cascade-Correlation Learning Architecture},
	author={Scott E. Fahlman and Christian Lebiere},
	url = {https://proceedings.neurips.cc/paper/1989/file/69adc1e107f7f7d035d7baf04342e1ca-Paper.pdf}
}
